@article{bansal19rounding,
author    = {Nikhil Bansal},
title     = {On a generalization of iterated and randomized rounding},
journal   = {CoRR},
volume    = {abs/1811.01597},
year      = {2018},
url       = {http://arxiv.org/abs/1811.01597},
archivePrefix = {arXiv},
eprint    = {1811.01597},
timestamp = {Thu, 22 Nov 2018 17:58:30 +0100},
biburl    = {https://dblp.org/rec/journals/corr/abs-1811-01597.bib},
bibsource = {dblp computer science bibliography, https://dblp.org}
}
@inproceedings{bansal-garg-17,
author = {Nikhil Bansal and Shashwat Garg},
title = {Algorithmic Discrepancy beyond Partial Coloring},
year = {2017},
isbn = {9781450345286},
publisher = {Association for Computing Machinery},
address = {New York, NY, USA},
url = {https://doi.org/10.1145/3055399.3055490},
doi = {10.1145/3055399.3055490},
booktitle = {Proceedings of the 49th Annual ACM SIGACT Symposium on Theory of Computing},
pages = {914â€“926},
numpages = {13},
keywords = {semidefinite programming, rounding techniques, random walks, Discrepancy},
location = {Montreal, Canada},
series = {STOC 2017}
}
@article{bansal10cadm,
author    = {Nikhil Bansal},
title     = {Constructive Algorithms for Discrepancy Minimization},
journal   = {CoRR},
volume    = {abs/1002.2259},
year      = {2010},
url       = {http://arxiv.org/abs/1002.2259},
archivePrefix = {arXiv},
eprint    = {1002.2259},
timestamp = {Mon, 13 Aug 2018 16:47:42 +0200},
biburl    = {https://dblp.org/rec/journals/corr/abs-1002-2259.bib},
bibsource = {dblp computer science bibliography, https://dblp.org}
}
@book{lrs-book,
title={Iterative methods in combinatorial optimization},
author={Lap Chi Lau and Ramamoorthi Ravi and Mohit Singh},
isbn={0521189438},
volume={46},
year={2011},
publisher={Cambridge University Press}
}
@misc{spectral-rounding,
title={A Spectral Approach to Network Design},
author={Lap Chi Lau and Hong Zhou},
year={2020},
eprint={2003.07810},
archivePrefix={arXiv},
primaryClass={cs.DS}
}
@article{jain-sndp,
title={A factor 2 approximation algorithm for the generalized Steiner network problem},
author={Kamal Jain},
journal={Combinatorica},
volume={21},
number={1},
pages={39--60},
year={2001},
publisher={Springer}
}
@article{Spencer1985,
  doi = {10.1090/s0002-9947-1985-0784009-0},
  url = {https://doi.org/10.1090/s0002-9947-1985-0784009-0},
  year = {1985},
  month = feb,
  publisher = {American Mathematical Society ({AMS})},
  volume = {289},
  number = {2},
  pages = {679--679},
  author = {Joel Spencer},
  title = {Six standard deviations suffice},
  journal = {Transactions of the American Mathematical Society}
}
@article{12lovettmeka,
  author    = {Shachar Lovett and
               Raghu Meka},
  title     = {Constructive Discrepancy Minimization by Walking on The Edges},
  journal   = {CoRR},
  volume    = {abs/1203.5747},
  year      = {2012},
  url       = {http://arxiv.org/abs/1203.5747},
  archivePrefix = {arXiv},
  eprint    = {1203.5747},
  timestamp = {Mon, 13 Aug 2018 16:48:58 +0200},
  biburl    = {https://dblp.org/rec/journals/corr/abs-1203-5747.bib},
  bibsource = {dblp computer science bibliography, https://dblp.org}
}
@article{Beck1981,
  doi = {10.1007/bf02579452},
  url = {https://doi.org/10.1007/bf02579452},
  year = {1981},
  month = dec,
  publisher = {Springer Science and Business Media {LLC}},
  volume = {1},
  number = {4},
  pages = {319--325},
  author = {J{\'{o}}zsef Beck},
  title = {Roth's estimate of the discrepancy of integer sequences is nearly sharp},
  journal = {Combinatorica}
}
